%YAML 1.1
%TAG !u! tag:unity3d.com,2011:
--- !u!1001 &100100000
Prefab:
  m_ObjectHideFlags: 1
  serializedVersion: 2
  m_Modification:
    m_TransformParent: {fileID: 0}
    m_Modifications: []
    m_RemovedComponents: []
  m_ParentPrefab: {fileID: 0}
  m_RootGameObject: {fileID: 1367271284741580}
  m_IsPrefabParent: 1
--- !u!1 &1367271284741580
GameObject:
  m_ObjectHideFlags: 0
  m_PrefabParentObject: {fileID: 0}
  m_PrefabInternal: {fileID: 100100000}
  serializedVersion: 5
  m_Component:
  - component: {fileID: 4583224622645916}
  - component: {fileID: 114608485275770328}
  - component: {fileID: 65783754058325880}
  m_Layer: 2
  m_Name: CupsInteraction
  m_TagString: Untagged
  m_Icon: {fileID: 0}
  m_NavMeshLayer: 0
  m_StaticEditorFlags: 0
  m_IsActive: 1
--- !u!4 &4583224622645916
Transform:
  m_ObjectHideFlags: 1
  m_PrefabParentObject: {fileID: 0}
  m_PrefabInternal: {fileID: 100100000}
  m_GameObject: {fileID: 1367271284741580}
  m_LocalRotation: {x: -0, y: 0.06924849, z: -0, w: 0.9975995}
  m_LocalPosition: {x: -1.642, y: 1.613, z: -2.996}
  m_LocalScale: {x: 1, y: 1, z: 1}
  m_Children: []
  m_Father: {fileID: 0}
  m_RootOrder: 0
  m_LocalEulerAnglesHint: {x: 0, y: 7.9420004, z: 0}
--- !u!65 &65783754058325880
BoxCollider:
  m_ObjectHideFlags: 1
  m_PrefabParentObject: {fileID: 0}
  m_PrefabInternal: {fileID: 100100000}
  m_GameObject: {fileID: 1367271284741580}
  m_Material: {fileID: 0}
  m_IsTrigger: 1
  m_Enabled: 1
  serializedVersion: 2
  m_Size: {x: 3.3547049, y: 0.97086227, z: 2.2058716}
  m_Center: {x: -0.23620965, y: 0.3698358, z: 0.18966317}
--- !u!114 &114608485275770328
MonoBehaviour:
  m_ObjectHideFlags: 1
  m_PrefabParentObject: {fileID: 0}
  m_PrefabInternal: {fileID: 100100000}
  m_GameObject: {fileID: 1367271284741580}
  m_Enabled: 1
  m_EditorHideFlags: 0
  m_Script: {fileID: 11500000, guid: c567468fb870ea24aa473a2b6183ea43, type: 3}
  m_Name: 
  m_EditorClassIdentifier: 
  interactionType: 1
  targetObjectTag: Cup
  requiredInteractions: 30
  postItPlaceholder: {fileID: 0}
  postItRequests:
  - {fileID: 0}
  - {fileID: 0}
  - {fileID: 0}
  - {fileID: 0}
  taskStrikethrough: {fileID: 0}
  startInteraction: {fileID: 8300000, guid: ce2a6c63b7bfc3c418145380865e949d, type: 3}
  finishInteraction: {fileID: 0}
